<?xml version="1.0" encoding="UTF-8"?>
<record xmlns="http://www.loc.gov/MARC21/slim">
   <leader>00824cam a22002291a 4500</leader>
   <controlfield tag="001">3204052</controlfield>
   <controlfield tag="003">NjP</controlfield>
   <controlfield tag="005">20120913100345.0</controlfield>
   <controlfield tag="008">960719s1967    iq            000 0 arard</controlfield>
   <datafield tag="024" ind1="7" ind2=" ">
      <subfield code="a">princeton_aco003331</subfield>
      <subfield code="2">local</subfield>
   </datafield>
   <datafield ind1=" " ind2=" " tag="010">
      <subfield code="a">68002581</subfield>
   </datafield>
   <datafield ind1=" " ind2=" " tag="035">
      <subfield code="a">(OCoLC)43712107</subfield>
   </datafield>
   <datafield ind1=" " ind2=" " tag="035">
      <subfield code="a">(MH)MHBHQ45200HU</subfield>
   </datafield>
   <datafield ind1=" " ind2=" " tag="035">
      <subfield code="a">(CStRLIN)MAHGBHQ45200-B</subfield>
   </datafield>
   <datafield ind1=" " ind2=" " tag="040">
      <subfield code="a">MH</subfield>
      <subfield code="c">MH</subfield>
      <subfield code="d">CStRLIN</subfield>
      <subfield code="d">NjP</subfield>
   </datafield>
   <datafield ind1="1" ind2=" " tag="100">
      <subfield code="a">Baḥrānī, Ḥusayn ibn ʻAlī.</subfield>
   </datafield>
   <datafield ind1="1" ind2="3" tag="245">
      <subfield code="a">al-Ṭarīq ilá Allāh /</subfield>
      <subfield code="c">taʾlīf Ḥusayn al-Baḥrānī, qaddama lahu Mahdī al-Samāwī.</subfield>
   </datafield>
   <datafield ind1=" " ind2=" " tag="260">
      <subfield code="a">al-Samāwah, [Iraq] :</subfield>
      <subfield code="b">Maktabat al-Imām al-Ḥusayn al-ʻĀmmah,</subfield>
      <subfield code="c">[1967]</subfield>
   </datafield>
   <datafield ind1=" " ind2=" " tag="300">
      <subfield code="a">143 p. ,</subfield>
      <subfield code="c">24 cm.</subfield>
   </datafield>
   <datafield ind1=" " ind2="0" tag="440">
      <subfield code="a">Min Hudá Ahl al-Bayt ;</subfield>
      <subfield code="v">2</subfield>
   </datafield>
   <datafield ind1=" " ind2="0" tag="650">
      <subfield code="a">Islam sermons, Arabic.</subfield>
   </datafield>
   <datafield ind1=" " ind2=" " tag="998">
      <subfield code="s">9555</subfield>
   </datafield>
   <datafield ind1=" " ind2=" " tag="902">
      <subfield code="a">jab</subfield>
      <subfield code="b">r</subfield>
      <subfield code="c">b</subfield>
      <subfield code="d">v</subfield>
      <subfield code="e">20000713</subfield>
      <subfield code="f">0</subfield>
   </datafield>
   <datafield ind1="0" ind2=" " tag="852">
      <subfield code="0">3522180</subfield>
      <subfield code="b">rcppa</subfield>
      <subfield code="h">BP183.6</subfield>
      <subfield code="i">.B347 1967</subfield>
      <subfield code="x">tr fr nec</subfield>
   </datafield>
   <datafield ind1=" " ind2=" " tag="959">
      <subfield code="a">2009-06-29 15:20:35 -0400</subfield>
   </datafield>
</record>
